<record><leader>00000cas a2200000 a 4500</leader><controlfield tag="001">12594032</controlfield><controlfield tag="008">850924d19141916ksuwr ne      0    0eng d</controlfield><datafield ind1=" " ind2=" " tag="010"><subfield code="a">sn 85029810 </subfield></datafield><datafield ind1=" " ind2=" " tag="040"><subfield code="a">KSH</subfield><subfield code="b">eng</subfield><subfield code="c">KSH</subfield><subfield code="d">NPT</subfield><subfield code="d">OCL</subfield><subfield code="d">OCLCQ</subfield></datafield><datafield ind1=" " ind2=" " tag="042"><subfield code="a">msc</subfield></datafield><datafield ind1="0" ind2=" " tag="130"><subfield code="a">Johnson City pioneer (Johnson City, Kan. : 1914)</subfield></datafield><datafield ind1="1" ind2="0" tag="245"><subfield code="a">Johnson City pioneer.</subfield></datafield><datafield ind1=" " ind2=" " tag="260"><subfield code="a">Johnson, Kan. :</subfield><subfield code="b">H.P. Jones,</subfield><subfield code="c">-1916.</subfield></datafield><datafield ind1=" " ind2=" " tag="300"><subfield code="a">v. :</subfield><subfield code="b">ill. ;</subfield><subfield code="c">49-56 cm.</subfield></datafield><datafield ind1=" " ind2=" " tag="310"><subfield code="a">Weekly</subfield></datafield><datafield ind1="0" ind2=" " tag="362"><subfield code="a">-v. 17, no. 36 (Mar. 3, 1916).</subfield></datafield><datafield ind1="1" ind2=" " tag="362"><subfield code="a">Began with Mar. 19, 1914 issue?</subfield></datafield><datafield ind1=" " ind2=" " tag="500"><subfield code="a">Published by: Buell Scott, &lt;July 2, 1914&gt;-July 8, 1915; H.E. Jones, July 15, 1915-Mar. 3, 1916.</subfield></datafield><datafield ind1=" " ind2=" " tag="588"><subfield code="a">Description based on: Vol. 1, no. 13 (June 11, 1914).</subfield></datafield><datafield ind1=" " ind2=" " tag="752"><subfield code="a">United States</subfield><subfield code="b">Kansas</subfield><subfield code="c">Stanton</subfield><subfield code="d">Johnson City.</subfield></datafield><datafield ind1="0" ind2="7" tag="785"><subfield code="t">Stanton County journal and progressive news</subfield><subfield code="w">(DLC)sn 85029809</subfield></datafield><datafield ind1="0" ind2="7" tag="785"><subfield code="t">Johnson City pioneer and journal-news</subfield><subfield code="w">(DLC)sn 85029811</subfield></datafield><datafield ind1="1" ind2=" " tag="029"><subfield code="a">AU@</subfield><subfield code="b">000022172533</subfield></datafield></record>